@Article{Curry,
	author  = "Haskell Curry",
	title   = "Grundlagen der Kombinatorischen Logik
		[Foundations of combinatorial logic].",

	journal = "American Journal of Mathematics (\rm in German)",
	volume  = "52",
	number  = "3",
	pages   = "509--536",
	year    = "1930",
	DOI     = "10.2307/2370619"
}

@Article{Schonfinkel,
	author  = "Schönfinkel, M.",
	title   = "Über die Bausteine der mathematischen Logik",
	journal = "Mathematische Annalen",
	volume  = "92",
	pages   = "305--316",
	year    = "1924"
}

@Article{Moore,
	author  = "Moore, Gordon E.",
	title   = "Cramming more components onto integrated circuits",
	journal = "Electronics",
	volume  = "38",
	number  = "8",
	year    = "1965"
}

@Article{Shor,
	author   = "Shor, P. W.",
	title    = "Polynomial-Time Algorithms for Prime Factorization and Discrete
		Logarithms on a Quantum Computer",
	journal  = "SIAM Review",
	volume   = "41",
	number   = "2",
	pages    = "303-332",
	year     = "1999",
	doi      = "10.1137/S0036144598347011",
}
