@online{python-lista,
	title = {{Design and History FAQ} -- {Python} 3.6.1 documentation},
	howpublished = {\url{https://docs.python.org/3.6/faq/design.html#how-are-lists-implemented} [Acessado em: 1/6/2017]}
}
