@article{Church,
	author = {Church, Alonzo},
	doi = {10.2307/2371045},
	issn = {00029327},
	journal = {American Journal of Mathematics},
	keywords = {elementary_number_theory mathematics},
	month = apr,
	number = 2,
	pages = {345--363},
	title = {An Unsolvable Problem of Elementary Number Theory},
	url = {http://dx.doi.org/10.2307/2371045},
	volume = 58,
	year = 1936
}
