@Article{Nemes2010,
	author="Nemes, Gerg{\H{o}}",
	title="New asymptotic expansion for the Gamma function",
	journal="Archiv der Mathematik",
	year="2010",
	volume="95",
	number="2",
	pages="161--169",
	issn="1420-8938",
	doi="10.1007/s00013-010-0146-9",
	url="http://dx.doi.org/10.1007/s00013-010-0146-9"
}
